@article{ane-romano-2013,
  author = "Paul K. Romano and Benoit Forget",
  title = "The {OpenMC} {M}onte {C}arlo Particle Transport Code",
  journal = "Ann. Nucl. Energy",
  volume = 51,
  pages = "274--281",
  year = 2013,
  doi = "10.1016/j.anucene.2012.06.040",
}

@inproceedings{bluegene,
   author = "S. Alam and R. Barrett and M. Bast and M. R. Fahey and J. Kuehn and
                  C. McCurdy and J. Rogers and R. Sankaran and J. S. Vetter and
                  P. Worley and W. Yu",
   title = "Early Evaluation of {IBM} {BlueGene/P}",
   booktitle = "Proceedings of SC08: International Conference of High
                  Performance Computing, Networking, Storage, and Analysis",
   address = "Austin, Texas",
   year = 2008
}

@inproceedings{hlrs-workshop-2011,
  author = "Jason Beech-Brandt",
  title = "Gemini description, {MPI}",
  booktitle = "HLRS Cray XE6 Optimization Workshop",
  address = "Stuttgart, Germany",
  month = "Feb. 2--4",
  year = 2011,
}

@article{ijhpca-felker-2012,
  author = "Kyle G. Felker and Andrew R. Siegel and Steven F. Siegel",
  title = "Optimizing memory constrained environments in {M}onte {C}arlo nuclear
                  reactor simulations",
  journal = "Int. J. High Perform. Comput. Appl.",
  year = 2012,
  doi = "10.1177/1094342012445627"
}  

@article{jcp-brunner-2009,
  author = "Thomas A. Brunner and Patrick S. Brantley",
  title = "An efficient, robust, domain-decomposition algorithm for particle
                  {M}onte {C}arlo",
  journal = "J. Comput. Phys.",
  volume = 228,
  pages = "3882 -- 3890",
  year = 2009,
  doi = "10.1016/j.jcp.2009.02.013"
}

@article{jcp-siegel-2012-1,
  author = "Andrew Siegel and Kord Smith and Paul Fischer and Vijay Mahadevan",
  title = "Analysis of communication costs for domain decomposed {M}onte {C}arlo
                  methods in nuclear reactor analysis",
  journal = "J. Comput. Phys.",
  volume = 231,
  pages = "3119 -- 3125",
  year = 2012,
  doi = "10.1016/j.jcp.2011.12.014"
}

@article{jcp-siegel-2012-2,
  author = "Andrew R. Siegel and Kord Smith and Paul K. Romano and Benoit Forget
                  and Kyle Felker",
  title = "The effect of load imbalances on the performance of {M}onte {C}arlo
                  codes in {LWR} analysis",
  journal = "J. Comput. Phys.",
  year = 2012,
  doi = "10.1016/j.jcp.2012.06.012"
}

@article{jnet-martin-2012,
  author = "William R. Martin",
  title = "Challenges and Prospects for Whole-Core {M}onte {C}arlo Analysis",
  journal = "J. Nucl. Eng. Technol.",
  volume = 44,
  number = 2,
  pages = "151--160",
  month = mar,
  year = 2012
}

@inproceedings{mc09-greenman,
   author = "Gregory Greenman and Matthew O'Brien and Richard Procassini and
                  Kenneth Joy",
   title = "Enhancements to the combinatorial geometry particle tracker in the
                  {M}ercury {M}onte {C}arlo transport code: Embedded meshes and
                  domain decomposition",
   booktitle = "International Conference on Mathematics, Computational Methods
                  and Reactor Physics",
   address = "Saratoga Springs, New York",
   month = may,
   year = 2009
}

@inproceedings{mc11-hoogenboom,
   author = "J. Eduard Hoogenboom and William R. Martin and Bojan Petrovic",
   title = "The {M}onte {C}arlo Performance Benchmark Test - Aims,
                  Specifications and First Results",
   booktitle = "International Conference on Mathematics and Computational
                  Methods Applied to Nuclear Science and Engineering",
   address = "Rio de Janeiro, Brazil",
   month = may,
   year = 2011
}

@article{nse-romano-2012,
  author = "Paul K. Romano and Benoit Forget",
  title = "Parallel Fission Bank Algorithms in {M}onte {C}arlo Criticality
                  Calculations",
  journal = "Nucl. Sci. Eng.",
  volume = 170,
  number = 2,
  pages = "125--135",
  month = feb,
  year = 2012,
  issn = "0029-5639",
}

@article{nse-viitanen-2012,
  author = "Tuomas Viitanen and Jaakko Lepp√§nen",
  title = "Explicit Treatment of Thermal Motion in Continuous-Energy {M}onte
                  {C}arlo Tracking Routines",
  journal = "Nucl. Sci. Eng.",
  volume = 171,
  pages = "165--173",
  year = 2012,
}

@article{nse-yesilyurt-2012,
  author = "Gokhan Yesilyurt and William R. Martin and Forrest B. Brown",
  title = "On-the-Fly {D}oppler Broadening for {M}onte {C}arlo codes",
  journal = "Nucl. Sci. Eng",
  volume = 171,
  pages = "239--257",
  year = 2012
}

@inproceedings{physor2012-mervin,
  author = "Brenden T. Mervin and Scott W. Mosher and Thomas M. Evans and John
                  C. Wagner and G. I. Maldonado",
  title = "Variance estimation in domain decomposed {M}onte {C}arlo eigenvalue
                  calculations",
  booktitle = "PHYSOR 2012 -- Advances in Reactor Physics -- Linking Research,
                  Industry, and Education",
  address = "Knoxville, Tenneessee",
  year = 2012
}

@article{pnst-brown-2011,
  author = "Forrest B. Brown",
  title = "Recent Advances and Future Prospects for {M}onte {C}arlo",
  journal = "Prog. Nucl. Sci. Technol.",
  volume = 2,
  pages = "1--4",
  month = oct,
  year = 2011,
  issn = "2185-4823",
}

@article{pnst-romano-2011,
  author = "Paul Romano and Benoit Forget and Forrest Brown",
  title = "Towards Scalable Parallelism in {M}onte {C}arlo Transport Codes Using
                  Remote Memory Access",
  journal = "Prog. Nucl. Sci. Technol.",
  volume = 2,
  pages = "670--675",
  month = oct,
  year = 2011,
  issn = "2185-4823",
}

@article{trans-romano-2012,
  author = "Paul K. Romano and Benoit Forget",
  title = "Reducing Parallel Communication in {M}onte {C}arlo Simulations via
                  Batch Statistics",
  journal = "Trans. Am. Nucl. Soc.",
  volume = 107,
  pages = "519--522",
  year = 2012
}

@article{trans-brown-2004,
  author = "Forrest B. Brown and William R. Martin",
  title = "High Performance Computing and {M}onte {C}arlo",
  journal = "Trans. Am. Nucl. Soc.",
  volume = 91,
  number = 1,
  pages = "279 -- 280",
  year = 2004
}
